%YAML 1.1
%TAG !u! tag:unity3d.com,2011:
--- !u!1 &7302357651151250016
GameObject:
  m_ObjectHideFlags: 0
  m_CorrespondingSourceObject: {fileID: 0}
  m_PrefabInstance: {fileID: 0}
  m_PrefabAsset: {fileID: 0}
  serializedVersion: 6
  m_Component:
  - component: {fileID: 9126570027836677123}
  - component: {fileID: 3646021967211338616}
  - component: {fileID: 6361818320028379520}
  - component: {fileID: 4184293201717459102}
  - component: {fileID: 8173811043455570770}
  - component: {fileID: -6356313488348983914}
  m_Layer: 0
  m_Name: Button
  m_TagString: Untagged
  m_Icon: {fileID: 0}
  m_NavMeshLayer: 0
  m_StaticEditorFlags: 0
  m_IsActive: 1
--- !u!4 &9126570027836677123
Transform:
  m_ObjectHideFlags: 0
  m_CorrespondingSourceObject: {fileID: 0}
  m_PrefabInstance: {fileID: 0}
  m_PrefabAsset: {fileID: 0}
  m_GameObject: {fileID: 7302357651151250016}
  m_LocalRotation: {x: 0, y: 0, z: 0, w: 1}
  m_LocalPosition: {x: 0, y: 0.005, z: 0}
  m_LocalScale: {x: 0.6, y: 0.5, z: 0.6}
  m_Children: []
  m_Father: {fileID: 0}
  m_RootOrder: 0
  m_LocalEulerAnglesHint: {x: 0, y: 0, z: 0}
--- !u!33 &3646021967211338616
MeshFilter:
  m_ObjectHideFlags: 0
  m_CorrespondingSourceObject: {fileID: 0}
  m_PrefabInstance: {fileID: 0}
  m_PrefabAsset: {fileID: 0}
  m_GameObject: {fileID: 7302357651151250016}
  m_Mesh: {fileID: 0}
--- !u!23 &6361818320028379520
MeshRenderer:
  m_ObjectHideFlags: 0
  m_CorrespondingSourceObject: {fileID: 0}
  m_PrefabInstance: {fileID: 0}
  m_PrefabAsset: {fileID: 0}
  m_GameObject: {fileID: 7302357651151250016}
  m_Enabled: 1
  m_CastShadows: 1
  m_ReceiveShadows: 1
  m_DynamicOccludee: 1
  m_MotionVectors: 1
  m_LightProbeUsage: 1
  m_ReflectionProbeUsage: 1
  m_RayTracingMode: 2
  m_RenderingLayerMask: 1
  m_RendererPriority: 0
  m_Materials:
  - {fileID: 2100000, guid: 94456f95bd6723221b5010109558ee01, type: 2}
  m_StaticBatchInfo:
    firstSubMesh: 0
    subMeshCount: 0
  m_StaticBatchRoot: {fileID: 0}
  m_ProbeAnchor: {fileID: 0}
  m_LightProbeVolumeOverride: {fileID: 0}
  m_ScaleInLightmap: 1
  m_ReceiveGI: 1
  m_PreserveUVs: 0
  m_IgnoreNormalsForChartDetection: 0
  m_ImportantGI: 0
  m_StitchLightmapSeams: 1
  m_SelectedEditorRenderState: 2
  m_MinimumChartSize: 4
  m_AutoUVMaxDistance: 0.5
  m_AutoUVMaxAngle: 89
  m_LightmapParameters: {fileID: 0}
  m_SortingLayerID: 0
  m_SortingLayer: 0
  m_SortingOrder: 0
--- !u!114 &4184293201717459102
MonoBehaviour:
  m_ObjectHideFlags: 0
  m_CorrespondingSourceObject: {fileID: 0}
  m_PrefabInstance: {fileID: 0}
  m_PrefabAsset: {fileID: 0}
  m_GameObject: {fileID: 7302357651151250016}
  m_Enabled: 1
  m_EditorHideFlags: 0
  m_Script: {fileID: 11500000, guid: 8233d90336aea43098adf6dbabd606a2, type: 3}
  m_Name: 
  m_EditorClassIdentifier: 
  m_MeshFormatVersion: 1
  m_Faces:
  - m_Indexes: 100000001100000012000000110000001300000012000000
    m_SmoothingGroup: 0
    m_Uv:
      m_UseWorldSpace: 0
      m_FlipU: 0
      m_FlipV: 0
      m_SwapUV: 0
      m_Fill: 1
      m_Scale: {x: 1, y: 1}
      m_Offset: {x: 0, y: 0}
      m_Rotation: 0
      m_Anchor: 9
    m_Material: {fileID: 0}
    m_SubmeshIndex: 0
    m_ManualUV: 1
    elementGroup: -1
    m_TextureGroup: -1
  - m_Indexes: 140000001500000016000000150000001700000016000000
    m_SmoothingGroup: 0
    m_Uv:
      m_UseWorldSpace: 0
      m_FlipU: 0
      m_FlipV: 0
      m_SwapUV: 0
      m_Fill: 1
      m_Scale: {x: 1, y: 1}
      m_Offset: {x: 0, y: 0}
      m_Rotation: 0
      m_Anchor: 9
    m_Material: {fileID: 0}
    m_SubmeshIndex: 0
    m_ManualUV: 0
    elementGroup: -1
    m_TextureGroup: -1
  - m_Indexes: 220000002100000020000000220000002300000021000000
    m_SmoothingGroup: -1
    m_Uv:
      m_UseWorldSpace: 0
      m_FlipU: 0
      m_FlipV: 0
      m_SwapUV: 0
      m_Fill: 1
      m_Scale: {x: 1, y: 1}
      m_Offset: {x: 0, y: 0}
      m_Rotation: 0
      m_Anchor: 9
    m_Material: {fileID: 0}
    m_SubmeshIndex: 0
    m_ManualUV: 0
    elementGroup: -1
    m_TextureGroup: -1
  - m_Indexes: 260000002500000024000000260000002700000025000000
    m_SmoothingGroup: -1
    m_Uv:
      m_UseWorldSpace: 0
      m_FlipU: 0
      m_FlipV: 0
      m_SwapUV: 0
      m_Fill: 1
      m_Scale: {x: 1, y: 1}
      m_Offset: {x: 0, y: 0}
      m_Rotation: 0
      m_Anchor: 9
    m_Material: {fileID: 0}
    m_SubmeshIndex: 0
    m_ManualUV: 0
    elementGroup: -1
    m_TextureGroup: -1
  - m_Indexes: 2a00000029000000280000002a0000002b00000029000000
    m_SmoothingGroup: -1
    m_Uv:
      m_UseWorldSpace: 0
      m_FlipU: 0
      m_FlipV: 0
      m_SwapUV: 0
      m_Fill: 1
      m_Scale: {x: 1, y: 1}
      m_Offset: {x: 0, y: 0}
      m_Rotation: 0
      m_Anchor: 9
    m_Material: {fileID: 0}
    m_SubmeshIndex: 0
    m_ManualUV: 0
    elementGroup: -1
    m_TextureGroup: -1
  - m_Indexes: 2e0000002d0000002c0000002e0000002f0000002d000000
    m_SmoothingGroup: -1
    m_Uv:
      m_UseWorldSpace: 0
      m_FlipU: 0
      m_FlipV: 0
      m_SwapUV: 0
      m_Fill: 1
      m_Scale: {x: 1, y: 1}
      m_Offset: {x: 0, y: 0}
      m_Rotation: 0
      m_Anchor: 9
    m_Material: {fileID: 0}
    m_SubmeshIndex: 0
    m_ManualUV: 0
    elementGroup: -1
    m_TextureGroup: -1
  - m_Indexes: 04000000050000000600000005000000070000000600000006000000070000001c000000070000001d0000001c000000
    m_SmoothingGroup: 0
    m_Uv:
      m_UseWorldSpace: 0
      m_FlipU: 0
      m_FlipV: 0
      m_SwapUV: 0
      m_Fill: 1
      m_Scale: {x: 1, y: 1}
      m_Offset: {x: 0, y: 0}
      m_Rotation: 0
      m_Anchor: 9
    m_Material: {fileID: 0}
    m_SubmeshIndex: 0
    m_ManualUV: 0
    elementGroup: -1
    m_TextureGroup: -1
  - m_Indexes: 08000000090000000a000000090000000b0000000a0000000a0000000b0000001e0000000b0000001f0000001e000000
    m_SmoothingGroup: 0
    m_Uv:
      m_UseWorldSpace: 0
      m_FlipU: 0
      m_FlipV: 0
      m_SwapUV: 0
      m_Fill: 1
      m_Scale: {x: 1, y: 1}
      m_Offset: {x: 0, y: 0}
      m_Rotation: 0
      m_Anchor: 9
    m_Material: {fileID: 0}
    m_SubmeshIndex: 0
    m_ManualUV: 0
    elementGroup: -1
    m_TextureGroup: -1
  - m_Indexes: 0c0000000d0000000e0000000d0000000f0000000e0000000e0000000f0000001a0000000f0000001b0000001a000000
    m_SmoothingGroup: 0
    m_Uv:
      m_UseWorldSpace: 0
      m_FlipU: 0
      m_FlipV: 0
      m_SwapUV: 0
      m_Fill: 1
      m_Scale: {x: 1, y: 1}
      m_Offset: {x: 0, y: 0}
      m_Rotation: 0
      m_Anchor: 9
    m_Material: {fileID: 0}
    m_SubmeshIndex: 0
    m_ManualUV: 0
    elementGroup: -1
    m_TextureGroup: -1
  - m_Indexes: 000000000100000002000000010000000300000002000000020000000300000018000000030000001900000018000000
    m_SmoothingGroup: 0
    m_Uv:
      m_UseWorldSpace: 0
      m_FlipU: 0
      m_FlipV: 0
      m_SwapUV: 0
      m_Fill: 1
      m_Scale: {x: 1, y: 1}
      m_Offset: {x: 0, y: 0}
      m_Rotation: 0
      m_Anchor: 9
    m_Material: {fileID: 0}
    m_SubmeshIndex: 0
    m_ManualUV: 0
    elementGroup: -1
    m_TextureGroup: -1
  m_SharedVertices:
  - m_Vertices: 000000000d00000016000000
  - m_Vertices: 010000000400000017000000
  - m_Vertices: 020000000f000000
  - m_Vertices: 0300000006000000
  - m_Vertices: 050000000800000015000000
  - m_Vertices: 070000000a000000
  - m_Vertices: 090000000c00000014000000
  - m_Vertices: 0b0000000e000000
  - m_Vertices: 100000002000000025000000
  - m_Vertices: 110000002100000028000000
  - m_Vertices: 12000000240000002d000000
  - m_Vertices: 13000000290000002c000000
  - m_Vertices: 180000001b0000002200000027000000
  - m_Vertices: 190000001c000000230000002a000000
  - m_Vertices: 1a0000001f000000260000002f000000
  - m_Vertices: 1d0000001e0000002b0000002e000000
  m_SharedTextures: []
  m_Positions:
  - {x: -0.025, y: -0.009014145, z: 0.025}
  - {x: 0.025, y: -0.009014145, z: 0.025}
  - {x: -0.025, y: 0.0034450032, z: 0.025}
  - {x: 0.025, y: 0.0034450032, z: 0.025}
  - {x: 0.025, y: -0.009014145, z: 0.025}
  - {x: 0.025, y: -0.009014145, z: -0.025}
  - {x: 0.025, y: 0.0034450032, z: 0.025}
  - {x: 0.025, y: 0.0034450032, z: -0.025}
  - {x: 0.025, y: -0.009014145, z: -0.025}
  - {x: -0.025, y: -0.009014145, z: -0.025}
  - {x: 0.025, y: 0.0034450032, z: -0.025}
  - {x: -0.025, y: 0.0034450032, z: -0.025}
  - {x: -0.025, y: -0.009014145, z: -0.025}
  - {x: -0.025, y: -0.009014145, z: 0.025}
  - {x: -0.025, y: 0.0034450032, z: -0.025}
  - {x: -0.025, y: 0.0034450032, z: 0.025}
  - {x: -0.009095874, y: 0.009014145, z: 0.009095874}
  - {x: 0.009095876, y: 0.009014145, z: 0.009095874}
  - {x: -0.009095874, y: 0.009014145, z: -0.009095876}
  - {x: 0.009095876, y: 0.009014145, z: -0.009095876}
  - {x: -0.025, y: -0.009014145, z: -0.025}
  - {x: 0.025, y: -0.009014145, z: -0.025}
  - {x: -0.025, y: -0.009014145, z: 0.025}
  - {x: 0.025, y: -0.009014145, z: 0.025}
  - {x: -0.025, y: 0.0044450033, z: 0.025}
  - {x: 0.025, y: 0.0044450033, z: 0.025}
  - {x: -0.025, y: 0.0044450033, z: -0.025}
  - {x: -0.025, y: 0.0044450033, z: 0.025}
  - {x: 0.025, y: 0.0044450033, z: 0.025}
  - {x: 0.025, y: 0.0044450033, z: -0.025}
  - {x: 0.025, y: 0.0044450033, z: -0.025}
  - {x: -0.025, y: 0.0044450033, z: -0.025}
  - {x: -0.009095874, y: 0.009014145, z: 0.009095874}
  - {x: 0.009095876, y: 0.009014145, z: 0.009095874}
  - {x: -0.025, y: 0.0044450033, z: 0.025}
  - {x: 0.025, y: 0.0044450033, z: 0.025}
  - {x: -0.009095874, y: 0.009014145, z: -0.009095876}
  - {x: -0.009095874, y: 0.009014145, z: 0.009095874}
  - {x: -0.025, y: 0.0044450033, z: -0.025}
  - {x: -0.025, y: 0.0044450033, z: 0.025}
  - {x: 0.009095876, y: 0.009014145, z: 0.009095874}
  - {x: 0.009095876, y: 0.009014145, z: -0.009095876}
  - {x: 0.025, y: 0.0044450033, z: 0.025}
  - {x: 0.025, y: 0.0044450033, z: -0.025}
  - {x: 0.009095876, y: 0.009014145, z: -0.009095876}
  - {x: -0.009095874, y: 0.009014145, z: -0.009095876}
  - {x: 0.025, y: 0.0044450033, z: -0.025}
  - {x: -0.025, y: 0.0044450033, z: -0.025}
  m_Textures0:
  - {x: 0.025, y: -0.009014145}
  - {x: -0.025, y: -0.009014145}
  - {x: 0.025, y: 0.0034450032}
  - {x: -0.025, y: 0.0034450032}
  - {x: 0.025, y: -0.009014145}
  - {x: -0.025, y: -0.009014145}
  - {x: 0.025, y: 0.0034450032}
  - {x: -0.025, y: 0.0034450032}
  - {x: 0.025, y: -0.009014145}
  - {x: -0.025, y: -0.009014145}
  - {x: 0.025, y: 0.0034450032}
  - {x: -0.025, y: 0.0034450032}
  - {x: 0.025, y: -0.009014145}
  - {x: -0.025, y: -0.009014145}
  - {x: 0.025, y: 0.0034450032}
  - {x: -0.025, y: 0.0034450032}
  - {x: 0.015904127, y: -0.015904127}
  - {x: 0.034095876, y: -0.015904127}
  - {x: 0.015904127, y: -0.034095876}
  - {x: 0.034095876, y: -0.034095876}
  - {x: 0.025, y: -0.025}
  - {x: -0.025, y: -0.025}
  - {x: 0.025, y: 0.025}
  - {x: -0.025, y: 0.025}
  - {x: 0.025, y: 0.0044450033}
  - {x: -0.025, y: 0.0044450033}
  - {x: 0.025, y: 0.0044450033}
  - {x: -0.025, y: 0.0044450033}
  - {x: 0.025, y: 0.0044450033}
  - {x: -0.025, y: 0.0044450033}
  - {x: 0.025, y: 0.0044450033}
  - {x: -0.025, y: 0.0044450033}
  - {x: -0.009095874, y: 0.006253229}
  - {x: 0.009095876, y: 0.006253229}
  - {x: -0.025, y: 0.022800684}
  - {x: 0.025, y: 0.022800684}
  - {x: -0.006253229, y: -0.009095876}
  - {x: -0.006253229, y: 0.009095874}
  - {x: -0.022800684, y: -0.025}
  - {x: -0.022800684, y: 0.025}
  - {x: 0.0062532304, y: 0.009095874}
  - {x: 0.0062532304, y: -0.009095876}
  - {x: 0.022800684, y: 0.025}
  - {x: 0.022800684, y: -0.025}
  - {x: 0.009095876, y: -0.0062532304}
  - {x: -0.009095874, y: -0.0062532304}
  - {x: 0.025, y: -0.022800684}
  - {x: -0.025, y: -0.022800684}
  m_Textures2: []
  m_Textures3: []
  m_Tangents:
  - {x: -1, y: 0, z: 0, w: -1}
  - {x: -1, y: 0, z: 0, w: -1}
  - {x: -1, y: 0, z: 0, w: -1}
  - {x: -1, y: 0, z: 0, w: -1}
  - {x: 0, y: 0, z: 1, w: -1}
  - {x: 0, y: 0, z: 1, w: -1}
  - {x: 0, y: 0, z: 1, w: -1}
  - {x: 0, y: 0, z: 1, w: -1}
  - {x: 1, y: 0, z: 0, w: -1}
  - {x: 1, y: 0, z: 0, w: -1}
  - {x: 1, y: 0, z: 0, w: -1}
  - {x: 1, y: 0, z: 0, w: -1}
  - {x: 0, y: 0, z: -1, w: -1}
  - {x: 0, y: 0, z: -1, w: -1}
  - {x: 0, y: 0, z: -1, w: -1}
  - {x: 0, y: 0, z: -1, w: -1}
  - {x: 1, y: 0, z: 0, w: -1}
  - {x: 1, y: 0, z: 0, w: -1}
  - {x: 1, y: 0, z: 0, w: -1}
  - {x: 1, y: 0, z: 0, w: -1}
  - {x: -1, y: 0, z: 0, w: -1}
  - {x: -1, y: 0, z: 0, w: -1}
  - {x: -1, y: 0, z: 0, w: -1}
  - {x: -1, y: 0, z: 0, w: -1}
  - {x: -1, y: 0, z: 0, w: -1}
  - {x: -1, y: 0, z: 0, w: -1}
  - {x: 0, y: 0, z: -1, w: -1}
  - {x: 0, y: 0, z: -1, w: -1}
  - {x: 0, y: 0, z: 1, w: -1}
  - {x: 0, y: 0, z: 1, w: -1}
  - {x: 1, y: 0, z: 0, w: -1}
  - {x: 1, y: 0, z: 0, w: -1}
  - {x: 1, y: 0, z: 0, w: -1}
  - {x: 1, y: 0, z: 0, w: -1}
  - {x: 1, y: 0, z: 0, w: -1}
  - {x: 1, y: 0, z: 0, w: -1}
  - {x: 0.96112216, y: 0.27612346, z: 0, w: -1}
  - {x: 0.96112216, y: 0.27612346, z: 0, w: -1}
  - {x: 0.96112216, y: 0.27612346, z: 0, w: -1}
  - {x: 0.96112216, y: 0.2761235, z: 0, w: -1}
  - {x: 0.96112216, y: -0.2761235, z: 0, w: -1}
  - {x: 0.96112216, y: -0.27612352, z: 0, w: -1}
  - {x: 0.96112216, y: -0.27612352, z: 0, w: -1}
  - {x: 0.96112216, y: -0.27612352, z: 0, w: -1}
  - {x: 1, y: 0, z: 0, w: -1}
  - {x: 1, y: 0, z: 0, w: -1}
  - {x: 1, y: 0, z: 0, w: -1}
  - {x: 1, y: 0, z: 0, w: -1}
  m_Colors: []
  m_UnwrapParameters:
    m_HardAngle: 88
    m_PackMargin: 20
    m_AngleError: 8
    m_AreaError: 15
  m_PreserveMeshAssetOnDestroy: 0
  assetGuid: 
  m_IsSelectable: 1
  m_SelectedFaces: 
  m_SelectedEdges: []
  m_SelectedVertices: 
--- !u!64 &8173811043455570770
MeshCollider:
  m_ObjectHideFlags: 0
  m_CorrespondingSourceObject: {fileID: 0}
  m_PrefabInstance: {fileID: 0}
  m_PrefabAsset: {fileID: 0}
  m_GameObject: {fileID: 7302357651151250016}
  m_Material: {fileID: 0}
  m_IsTrigger: 0
  m_Enabled: 1
  serializedVersion: 4
  m_Convex: 0
  m_CookingOptions: 30
  m_Mesh: {fileID: 0}
--- !u!114 &-6356313488348983914
MonoBehaviour:
  m_ObjectHideFlags: 0
  m_CorrespondingSourceObject: {fileID: 0}
  m_PrefabInstance: {fileID: 0}
  m_PrefabAsset: {fileID: 0}
  m_GameObject: {fileID: 7302357651151250016}
  m_Enabled: 1
  m_EditorHideFlags: 0
  m_Script: {fileID: 11500000, guid: c9dbf58e867b54447a6cb354a7000c1b, type: 3}
  m_Name: 
  m_EditorClassIdentifier: 
  _conditions: []
  _highlightData: {fileID: 11400000, guid: 5374e26259874d54d812c8f7e0090fc2, type: 2}
  _button: {fileID: 9126570027836677123}
  _depth: 0.005
  _interactTime: 0.3
